<record><leader>00000cas a22000007a 4500</leader><controlfield tag="001">9591510</controlfield><controlfield tag="008">830609d198019uufluwr ne      0   a0eng d</controlfield><datafield ind1=" " ind2=" " tag="010"><subfield code="a">sn 83009418 </subfield><subfield code="z">sn 93009418 </subfield></datafield><datafield ind1=" " ind2=" " tag="040"><subfield code="a">NSD</subfield><subfield code="b">eng</subfield><subfield code="c">NSD</subfield><subfield code="d">NVK</subfield><subfield code="d">OCLCQ</subfield><subfield code="d">OCLCF</subfield><subfield code="d">OCLCO</subfield></datafield><datafield ind1=" " ind2=" " tag="012"><subfield code="m">d</subfield></datafield><datafield ind1="1" ind2=" " tag="022"><subfield code="a">0745-9203</subfield><subfield code="l">0745-9203</subfield><subfield code="2">1</subfield></datafield><datafield ind1="1" ind2=" " tag="029"><subfield code="a">AU@</subfield><subfield code="b">000020612957</subfield></datafield><datafield ind1=" " ind2=" " tag="037"><subfield code="b">NPN Corporation, 113 E. Lyman Ave., Winter Park, FL 32789</subfield></datafield><datafield ind1=" " ind2=" " tag="042"><subfield code="a">nsdp</subfield></datafield><datafield ind1=" " ind2=" " tag="043"><subfield code="a">n-us-fl</subfield></datafield><datafield ind1=" " ind2="0" tag="222"><subfield code="a">Winter Park outlook</subfield></datafield><datafield ind1="0" ind2="0" tag="245"><subfield code="a">Winter Park outlook.</subfield></datafield><datafield ind1="1" ind2="7" tag="246"><subfield code="a">Outlook</subfield></datafield><datafield ind1=" " ind2=" " tag="260"><subfield code="a">Winter Park, Fla. :</subfield><subfield code="b">NPN Corp.</subfield></datafield><datafield ind1=" " ind2=" " tag="300"><subfield code="a">v.</subfield></datafield><datafield ind1=" " ind2=" " tag="310"><subfield code="a">Weekly</subfield></datafield><datafield ind1="1" ind2=" " tag="362"><subfield code="a">Began in 1980?</subfield></datafield><datafield ind1=" " ind2=" " tag="588"><subfield code="a">Description based on: Vol. 3, no. 28 (Apr. 14, 1983).</subfield></datafield><datafield ind1=" " ind2="0" tag="651"><subfield code="a">Winter Park (Fla.)</subfield><subfield code="v">Newspapers.</subfield></datafield><datafield ind1=" " ind2="7" tag="655"><subfield code="a">Newspapers.</subfield><subfield code="2">fast</subfield><subfield code="0">(OCoLC)fst01423814</subfield></datafield><datafield ind1=" " ind2="7" tag="651"><subfield code="a">Florida</subfield><subfield code="z">Winter Park.</subfield><subfield code="2">fast</subfield><subfield code="0">(OCoLC)fst01203029</subfield></datafield><datafield ind1=" " ind2=" " tag="752"><subfield code="a">United States</subfield><subfield code="b">Florida</subfield><subfield code="c">Orange</subfield><subfield code="d">Winter Park.</subfield></datafield><datafield ind1="0" ind2="0" tag="785"><subfield code="t">Winter Park sun outlook</subfield><subfield code="x">1051-967X</subfield><subfield code="w">(DLC)sn 90001859</subfield></datafield><datafield ind1=" " ind2=" " tag="936"><subfield code="a">June 2, 1983</subfield></datafield></record>